@ARTICLE{wombat2016,
  AUTHOR = {Wombat, Walther and Koala, Klaus},
  DATE = {2016},
  JOURNALTITLE = {Journal of modern skepticism},
  KEYWORDS = {trusted},
  TITLE = {The true meaning of 42},
}

@BOOK{lion2010,
  AUTHOR = {Lion, Laura and Giraffe, Gabrielle and Capybara, Carl},
  PUBLISHER = {publishing house},
  DATE = {2010},
  KEYWORDS = {trusted},
  TITLE = {The dangers of asking the wrong question},
}

@ONLINE{wikibook,
  ORGANIZATION = {Wikibooks},
  URL = {https://en.wikibooks.org/wiki/LaTeX/Generating_Bibliographies_with_biblatex_and_biber},
  DATE = {2016},
  KEYWORDS = {untrusted},
  TITLE = {Generating Bibliographies with biblatex and biber},
  URLDATE = {2016-03-07},
}

